<record><leader>00000cas a2200000 a 4500</leader><controlfield tag="001">13646679</controlfield><controlfield tag="008">860527d18551856tnuwr ne      0    0eng d</controlfield><datafield ind1=" " ind2=" " tag="010"><subfield code="a">sn 86053427 </subfield></datafield><datafield ind1=" " ind2=" " tag="040"><subfield code="a">NPX</subfield><subfield code="b">eng</subfield><subfield code="c">NPX</subfield><subfield code="d">KNP</subfield><subfield code="d">TGN</subfield><subfield code="d">OCL</subfield><subfield code="d">OCLCQ</subfield><subfield code="d">OCLCF</subfield><subfield code="d">OCLCO</subfield></datafield><datafield ind1=" " ind2=" " tag="042"><subfield code="a">msc</subfield></datafield><datafield ind1=" " ind2=" " tag="043"><subfield code="a">n-us-tn</subfield></datafield><datafield ind1="0" ind2="0" tag="245"><subfield code="a">Kingston eagle &amp; gazetteer.</subfield></datafield><datafield ind1="3" ind2="0" tag="246"><subfield code="a">Kingston eagle and gazetteer</subfield></datafield><datafield ind1="1" ind2="3" tag="246"><subfield code="a">Eagle &amp; gazetteer</subfield></datafield><datafield ind1="3" ind2="0" tag="246"><subfield code="a">Eagle and gazetteer</subfield></datafield><datafield ind1=" " ind2=" " tag="260"><subfield code="a">Kingston, Tenn. :</subfield><subfield code="b">M.L. Patterson</subfield></datafield><datafield ind1=" " ind2=" " tag="300"><subfield code="a">v.</subfield></datafield><datafield ind1=" " ind2=" " tag="310"><subfield code="a">Weekly</subfield></datafield><datafield ind1="1" ind2=" " tag="362"><subfield code="a">Began in 1855; ceased in 1856.</subfield><subfield code="z">Cf. NIM.</subfield></datafield><datafield ind1=" " ind2=" " tag="500"><subfield code="a">Editor: M. Luther Patterson, &lt;1856&gt;.</subfield></datafield><datafield ind1=" " ind2=" " tag="580"><subfield code="a">Merger of: Kingston eagle, and: Kingston gazetteer.</subfield></datafield><datafield ind1=" " ind2=" " tag="588"><subfield code="a">Description based on: Vol. 2, no. 30 (Apr. 26, 1856).</subfield></datafield><datafield ind1=" " ind2="0" tag="651"><subfield code="a">Kingston (Tenn.)</subfield><subfield code="v">Newspapers.</subfield></datafield><datafield ind1=" " ind2="0" tag="651"><subfield code="a">Roane County (Tenn.)</subfield><subfield code="v">Newspapers.</subfield></datafield><datafield ind1=" " ind2="7" tag="655"><subfield code="a">Newspapers.</subfield><subfield code="2">fast</subfield><subfield code="0">(OCoLC)fst01423814</subfield></datafield><datafield ind1=" " ind2="7" tag="651"><subfield code="a">Tennessee</subfield><subfield code="z">Kingston.</subfield><subfield code="2">fast</subfield><subfield code="0">(OCoLC)fst01228851</subfield></datafield><datafield ind1=" " ind2="7" tag="651"><subfield code="a">Tennessee</subfield><subfield code="z">Roane County.</subfield><subfield code="2">fast</subfield><subfield code="0">(OCoLC)fst01223283</subfield></datafield><datafield ind1=" " ind2=" " tag="752"><subfield code="a">United States</subfield><subfield code="b">Tennessee</subfield><subfield code="c">Roane</subfield><subfield code="d">Kingston.</subfield></datafield><datafield ind1="1" ind2="4" tag="780"><subfield code="t">Kingston eagle</subfield></datafield><datafield ind1="1" ind2="4" tag="780"><subfield code="t">Kingston gazetteer</subfield><subfield code="w">(DLC)sn 89058145</subfield></datafield></record>